<?xml version="1.0" encoding="UTF-8" ?><marc:collection xmlns:marc="http://www.loc.gov/MARC21/slim" xmlns:xsi="http://www.w3.org/2001/XMLSchema-instance" xsi:schemaLocation="http://www.loc.gov/MARC21/slim http://www.loc.gov/standards/marcxml/schema/MARC21slim.xsd">
<marc:record><marc:leader>03706nam a2200493 a 4500</marc:leader>
<marc:controlfield tag="001">2829</marc:controlfield>
<marc:controlfield tag="003">aeadna</marc:controlfield><marc:controlfield tag="005">20100502080800.0</marc:controlfield><marc:controlfield tag="008">990509m19401953ua    |f    en001 0dara|d</marc:controlfield><marc:datafield tag="035" ind1=" " ind2=" "><marc:subfield code="a">(Sirsi) 2829</marc:subfield></marc:datafield><marc:datafield tag="040" ind1=" " ind2=" "><marc:subfield code="a">nal</marc:subfield><marc:subfield code="b">ara</marc:subfield><marc:subfield code="e">AACR2</marc:subfield></marc:datafield><marc:datafield tag="041" ind1="0" ind2=" "><marc:subfield code="a">ara</marc:subfield></marc:datafield><marc:datafield tag="050" ind1=" " ind2="4"><marc:subfield code="a">PJ7745</marc:subfield><marc:subfield code="b">.I15</marc:subfield></marc:datafield><marc:datafield tag="066" ind1=" " ind2=" "><marc:subfield code="c">(3</marc:subfield><marc:subfield code="c">$1</marc:subfield></marc:datafield><marc:datafield tag="100" ind1="2" ind2=" "><marc:subfield code="a">ابن عبد ربه الأندلسي، أبي عمر بن محمد،</marc:subfield><marc:subfield code="d">860-940 م.</marc:subfield></marc:datafield><marc:datafield tag="245" ind1="1" ind2="7"><marc:subfield code="a">كتاب العقد الفريد /</marc:subfield><marc:subfield code="c">تأليف ابي عمر بن محمد بن عبدربه الأندلسي؛ شرحه وضبطه وصححه وعنون موضوعاته ورتب فهارسه أحمد أمين، أحمد الزين، إبراهيم الابياري</marc:subfield></marc:datafield><marc:datafield tag="246" ind1="3" ind2="0"><marc:subfield code="a">العقد الفريد</marc:subfield></marc:datafield><marc:datafield tag="260" ind1=" " ind2=" "><marc:subfield code="a">القاهرة :</marc:subfield><marc:subfield code="b">مطبعة لجنة التأليف والترجمة،</marc:subfield><marc:subfield code="c">1940-1953 م.</marc:subfield></marc:datafield><marc:datafield tag="300" ind1=" " ind2=" "><marc:subfield code="a">س، 7 ج. ؛</marc:subfield><marc:subfield code="c">28 سم.</marc:subfield></marc:datafield><marc:datafield tag="490" ind1=" " ind2=" "><marc:subfield code="a">لجنة التأليف والترجمة والنشر؛</marc:subfield></marc:datafield><marc:datafield tag="500" ind1=" " ind2=" "><marc:subfield code="a">المجلد السابع، 1953 : مجلد منفصل عبارة عن فهارس عدتها (12 ) فهرًسا.  وضعها:   محمد فؤاد عبد الباقي ومحمد رشاد عبد المطلب. وردت ملاحظة في فهرس الفهارس:&quot; الأرقام الخاصة بالجزء الأول في هذا الفهرس هي أرقام الطبعة الثانية منه على أن الطبعة الأولى قد ألحق بها فهرس منفصل خاص به.&quot;</marc:subfield></marc:datafield><marc:datafield tag="500" ind1=" " ind2=" "><marc:subfield code="a">مج1،2: 1940 .- مج3: 1942.- مج4: 1944 .- مج5: 1946       .-مج6: 1949.- مج7(الفهارس): 1953</marc:subfield></marc:datafield><marc:datafield tag="504" ind1=" " ind2=" "><marc:subfield code="a">يتضمن مراجع ببليوجرافية وفهارس.</marc:subfield></marc:datafield><marc:datafield tag="505" ind1="1" ind2=" "><marc:subfield code="t">فهارس الكتاب/</marc:subfield><marc:subfield code="r">محمد فؤاد عبد الباقي، ومحمد رشاد عبد المطلب.</marc:subfield><marc:subfield code="g">مج7.</marc:subfield></marc:datafield><marc:datafield tag="520" ind1=" " ind2=" "><marc:subfield code="a">يشتمل الكتاب على جملة من الأخبار والأمثال والحكم والمواعظ والأشعار وغيرها وهو موسوعة أدبية، تجمع بين المختارات الشعرية والنثرية، ولمحات من التاريخ والأخبار، مع الأخذ بنظرات في البلاغة والنقد مع شيء من العروض والموسيقى، وإشارات للأخلاق والعادات. قال ابن عبد ربه في المقدمة: &amp;#xab;ألفت هذا الكتاب وتخيرت جواهره من متخير جواهر الأدب ومحصول جوامع البيان، فكان جوهر الجواهر ولباب اللباب، وإنما لي فيه تأليف الاختيار وحسن الاختصار وفرش لدور كل كتاب، وما سواه فمأخوذ من أفواه العلماء ومأثور عن الحكماء والأدباء.&amp;#xbb;</marc:subfield></marc:datafield><marc:datafield tag="541" ind1=" " ind2=" "><marc:subfield code="a">هدية سمو الشيخ فالح بن ناصر آل ثاني إلى مركز الوثائق والدراسات - ابو ظبي (سابًقا) الأرشيف الوطني(حالًيا).</marc:subfield></marc:datafield><marc:datafield tag="650" ind1=" " ind2="4"><marc:subfield code="a">الأدب العربي</marc:subfield><marc:subfield code="x">تاريخ ونقد</marc:subfield><marc:subfield code="y">الأعمال المبكرة حتى 1800</marc:subfield></marc:datafield><marc:datafield tag="650" ind1=" " ind2="4"><marc:subfield code="a">اللغة العربية</marc:subfield><marc:subfield code="x">العروض والقوافي</marc:subfield><marc:subfield code="y">الأعمال المبكرة حتى 1800</marc:subfield></marc:datafield><marc:datafield tag="650" ind1=" " ind2="4"><marc:subfield code="a">الشعر العربي</marc:subfield><marc:subfield code="x">تاريخ ونقد</marc:subfield><marc:subfield code="y">الأعمال المبكرة حتى 1800</marc:subfield></marc:datafield><marc:datafield tag="650" ind1=" " ind2="4"><marc:subfield code="a">الحضارة الإسلامية</marc:subfield><marc:subfield code="v">مصادر</marc:subfield></marc:datafield><marc:datafield tag="700" ind1="1" ind2=" "><marc:subfield code="a">الأبيارى، إبراهيم،</marc:subfield><marc:subfield code="d">1902-1994،</marc:subfield><marc:subfield code="e">محقق</marc:subfield></marc:datafield><marc:datafield tag="700" ind1="1" ind2=" "><marc:subfield code="a">زين، أحمد</marc:subfield><marc:subfield code="e">شارح</marc:subfield></marc:datafield><marc:datafield tag="700" ind1="1" ind2=" "><marc:subfield code="a">أمين، أحمد</marc:subfield><marc:subfield code="d">1886-1954م.</marc:subfield><marc:subfield code="e">شارح</marc:subfield></marc:datafield><marc:datafield tag="700" ind1="1" ind2=" "><marc:subfield code="a">عبد الباقي، محمد فؤاد،</marc:subfield><marc:subfield code="e">معّد</marc:subfield></marc:datafield><marc:datafield tag="700" ind1="1" ind2=" "><marc:subfield code="a">عبد المطلب، محمد رشاد،</marc:subfield><marc:subfield code="e">معّد</marc:subfield></marc:datafield><marc:datafield tag="775" ind1="0" ind2=" "><marc:subfield code="a">ابن عبد ربه الأندلسي، أبي عمر بن محمد،</marc:subfield><marc:subfield code="b">ط. 2</marc:subfield><marc:subfield code="d">[القاهرة] : مطبعة الاستقامة، 1953 م.</marc:subfield><marc:subfield code="t">&amp;#xfffd;ال عقد الفريد /</marc:subfield></marc:datafield><marc:datafield tag="775" ind1="0" ind2=" "><marc:subfield code="a">ابن عبد ربه الأندلسي، أبي عمر بن محمد،</marc:subfield><marc:subfield code="b">ط. 3.</marc:subfield><marc:subfield code="d">بيروت : دار إحياء التراث العربي، 1999م.</marc:subfield><marc:subfield code="t">&amp;#xfffd;ال عقد الفريد/</marc:subfield></marc:datafield><marc:datafield tag="949" ind1=" " ind2=" "><marc:subfield code="a">PJ7745 .I15 1940</marc:subfield><marc:subfield code="v">1</marc:subfield><marc:subfield code="w">DDC</marc:subfield><marc:subfield code="i">30018000000636</marc:subfield><marc:subfield code="u">06/22/2003</marc:subfield><marc:subfield code="d">07/15/2009</marc:subfield><marc:subfield code="n">0</marc:subfield><marc:subfield code="t">Book</marc:subfield><marc:subfield code="l">av</marc:subfield><marc:subfield code="m">MAIN</marc:subfield><marc:subfield code="x">RAR</marc:subfield></marc:datafield><marc:datafield tag="949" ind1=" " ind2=" "><marc:subfield code="a">PJ7745 .I15 1940</marc:subfield><marc:subfield code="v">2</marc:subfield><marc:subfield code="w">DDC</marc:subfield><marc:subfield code="i">30018000000634</marc:subfield><marc:subfield code="u">06/22/2003</marc:subfield><marc:subfield code="d">07/15/2009</marc:subfield><marc:subfield code="n">0</marc:subfield><marc:subfield code="t">Book</marc:subfield><marc:subfield code="l">av</marc:subfield><marc:subfield code="m">MAIN</marc:subfield><marc:subfield code="x">RAR</marc:subfield></marc:datafield><marc:datafield tag="949" ind1=" " ind2=" "><marc:subfield code="a">PJ7745 .I15 1940</marc:subfield><marc:subfield code="v">3</marc:subfield><marc:subfield code="w">DDC</marc:subfield><marc:subfield code="i">30018000000632</marc:subfield><marc:subfield code="u">06/22/2003</marc:subfield><marc:subfield code="d">07/15/2009</marc:subfield><marc:subfield code="n">0</marc:subfield><marc:subfield code="t">Book</marc:subfield><marc:subfield code="l">av</marc:subfield><marc:subfield code="m">MAIN</marc:subfield><marc:subfield code="x">RAR</marc:subfield></marc:datafield><marc:datafield tag="949" ind1=" " ind2=" "><marc:subfield code="a">PJ7745 .I15 1940</marc:subfield><marc:subfield code="v">4</marc:subfield><marc:subfield code="w">DDC</marc:subfield><marc:subfield code="i">30018000000631</marc:subfield><marc:subfield code="u">06/22/2003</marc:subfield><marc:subfield code="d">07/15/2009</marc:subfield><marc:subfield code="n">0</marc:subfield><marc:subfield code="t">Book</marc:subfield><marc:subfield code="l">av</marc:subfield><marc:subfield code="m">MAIN</marc:subfield><marc:subfield code="x">RAR</marc:subfield></marc:datafield><marc:datafield tag="949" ind1=" " ind2=" "><marc:subfield code="a">PJ7745 .I15 1940</marc:subfield><marc:subfield code="v">5</marc:subfield><marc:subfield code="w">DDC</marc:subfield><marc:subfield code="i">30018000000630</marc:subfield><marc:subfield code="u">06/22/2003</marc:subfield><marc:subfield code="d">07/15/2009</marc:subfield><marc:subfield code="n">0</marc:subfield><marc:subfield code="t">Book</marc:subfield><marc:subfield code="l">av</marc:subfield><marc:subfield code="m">MAIN</marc:subfield><marc:subfield code="x">RAR</marc:subfield></marc:datafield><marc:datafield tag="949" ind1=" " ind2=" "><marc:subfield code="a">PJ7745 .I15 1940</marc:subfield><marc:subfield code="v">6</marc:subfield><marc:subfield code="w">DDC</marc:subfield><marc:subfield code="i">30018000000629</marc:subfield><marc:subfield code="u">06/22/2003</marc:subfield><marc:subfield code="d">07/15/2009</marc:subfield><marc:subfield code="n">0</marc:subfield><marc:subfield code="t">Book</marc:subfield><marc:subfield code="l">av</marc:subfield><marc:subfield code="m">MAIN</marc:subfield><marc:subfield code="x">RAR</marc:subfield></marc:datafield><marc:datafield tag="949" ind1=" " ind2=" "><marc:subfield code="a">PJ7745 .I15 1940</marc:subfield><marc:subfield code="v">7</marc:subfield><marc:subfield code="w">DDC</marc:subfield><marc:subfield code="i">30018000000628</marc:subfield><marc:subfield code="u">06/22/2003</marc:subfield><marc:subfield code="d">07/15/2009</marc:subfield><marc:subfield code="n">0</marc:subfield><marc:subfield code="t">Book</marc:subfield><marc:subfield code="l">av</marc:subfield><marc:subfield code="m">MAIN</marc:subfield><marc:subfield code="x">RAR</marc:subfield></marc:datafield></marc:record>
</marc:collection>
